<record><leader>00000cas a22000007a 4500</leader><controlfield tag="001">20230291</controlfield><controlfield tag="008">890822d19501973moudn ne      0    0eng d</controlfield><datafield ind1=" " ind2=" " tag="010"><subfield code="a">sn 89066959 </subfield></datafield><datafield ind1=" " ind2=" " tag="040"><subfield code="a">MQN</subfield><subfield code="b">eng</subfield><subfield code="c">MQN</subfield><subfield code="d">OCL</subfield><subfield code="d">MQN</subfield><subfield code="d">OCLCQ</subfield></datafield><datafield ind1=" " ind2=" " tag="042"><subfield code="a">msc</subfield></datafield><datafield ind1="0" ind2=" " tag="130"><subfield code="a">Jefferson County press-times (Crystal City, Mo. : 1950)</subfield></datafield><datafield ind1="1" ind2="4" tag="245"><subfield code="a">The Jefferson County press-times.</subfield></datafield><datafield ind1=" " ind2=" " tag="260"><subfield code="a">Crystal City, Mo. :</subfield><subfield code="b">Emily C. Reber,</subfield><subfield code="c">1950-1973.</subfield></datafield><datafield ind1=" " ind2=" " tag="300"><subfield code="a">v.</subfield></datafield><datafield ind1=" " ind2=" " tag="310"><subfield code="a">Daily (except Sun. &amp; Mon.),</subfield><subfield code="b">Jan. 4, 1972-June 2, 1973</subfield></datafield><datafield ind1=" " ind2=" " tag="321"><subfield code="a">Weekly,</subfield><subfield code="b">Oct. 5, 1950-Dec. 11, 1969</subfield></datafield><datafield ind1=" " ind2=" " tag="321"><subfield code="a">Semiweekly,</subfield><subfield code="b">Dec. 16, 1969-Dec. 28, 1971</subfield></datafield><datafield ind1="0" ind2=" " tag="362"><subfield code="a">Vol. 39, no. 21 (Oct. 5, 1950)-v. 54, no. 110 (June 2, 1973).</subfield></datafield><datafield ind1=" " ind2=" " tag="515"><subfield code="a">Continues numbering of: Jefferson County press.</subfield></datafield><datafield ind1=" " ind2="4" tag="651"><subfield code="a">Jefferson County (Mo.)</subfield><subfield code="v">Newspapers.</subfield></datafield><datafield ind1=" " ind2=" " tag="752"><subfield code="a">United States</subfield><subfield code="b">Missouri</subfield><subfield code="c">Jefferson</subfield><subfield code="d">Crystal City.</subfield></datafield><datafield ind1="0" ind2="4" tag="780"><subfield code="t">Herculaneum times</subfield></datafield><datafield ind1="0" ind2="4" tag="780"><subfield code="t">Jefferson County press</subfield><subfield code="w">(DLC)sn 89066960</subfield></datafield><datafield ind1="0" ind2="0" tag="785"><subfield code="t">Daily Jefferson County press-times</subfield><subfield code="w">(DLC)sn 89066961</subfield></datafield><datafield ind1="1" ind2=" " tag="029"><subfield code="a">AU@</subfield><subfield code="b">000020565980</subfield></datafield></record>